@book{Bramer2016,
author = {Bramer, Max},
file = {:C$\backslash$:/Users/aletu/Documents/Mendeley Desktop/Bramer - 2016 - Principles of Data Mining.pdf:pdf},
isbn = {9781447173076},
pages = {530},
title = {{Principles of Data Mining}},
url = {http://www.springer.com/series/7592},
year = {2016}
}
