@book{Aggarwal2015,
author = {Aggarwal, Charu C.},
doi = {10.1016/0304-3835(81)90152-X},
file = {:C$\backslash$:/Users/aletu/Documents/Mendeley Desktop/Aggarwal - 2015 - Data Mining.pdf:pdf},
isbn = {9783319141411},
issn = {03043835},
publisher = {Springer},
title = {{Data Mining}},
year = {2015}
}

@book{Blattberg2008,
author = {Blattberg, Robert C. and Kim, Byung-Do and Neslin, Scott A.},
doi = {10.1016/b978-0-7506-2428-2.50008-9},
file = {:C$\backslash$:/Users/aletu/Documents/Mendeley Desktop/Blattberg, Kim, Neslin - 2008 - Database Marketing.pdf:pdf},
publisher = {Springer},
title = {{Database Marketing}},
year = {2008}
}

