@article{Accorsi2018_hierarch,
author = {Accorsi, Riccardo and Cholette, Susan and Manzini, Riccardo and Tufano, Alessandro},
doi = {10.1016/j.jclepro.2018.08.275},
file = {:D$\backslash$:/OneDrive - Alma Mater Studiorum Universit{\`{a}} di Bologna/ACADEMICS/[514]Dottorato/Literature/Mendeley/Accorsi et al. - 2018 - A hierarchical data architecture for sustainable food supply chain management and planning.pdf:pdf},
issn = {09596526},
journal = {Journal of Cleaner Production},
publisher = {Elsevier Ltd},
title = {{A hierarchical data architecture for sustainable food supply chain management and planning}},
url = {https://linkinghub.elsevier.com/retrieve/pii/S095965261832626X},
year = {2018}
}




